<?xml version="1.0" encoding="UTF-8"?>
<record xmlns="http://www.loc.gov/MARC21/slim" xmlns:xsi="http://www.w3.org/2001/XMLSchema-instance" xsi:schemaLocation="http://www.loc.gov/MARC21/slim http://www.loc.gov/standards/marcxml/schema/MARC21slim.xsd">
<leader>00000cam a22      a 4500</leader>
<controlfield tag="001">001356825</controlfield>
<controlfield tag="003">NNU</controlfield>
<controlfield tag="005">20150730164925.0</controlfield>
<controlfield tag="008">021219s1955    ua abef       000 0 ara d</controlfield>
<datafield tag="035" ind1=" " ind2=" ">
<subfield code="a">(OCoLC)122823226</subfield>
</datafield>
<datafield tag="040" ind1=" " ind2=" ">
<subfield code="a">NNU</subfield>
<subfield code="b">eng</subfield>
<subfield code="c">MEAUC</subfield>
<subfield code="d">N15</subfield>
<subfield code="d">OCLCF</subfield>
<subfield code="d">OCLCO</subfield>
<subfield code="d">OCLCQ</subfield>
<subfield code="d">NNU</subfield>
</datafield>
<datafield tag="041" ind1="1" ind2=" ">
<subfield code="a">araengfre</subfield>
</datafield>
<datafield tag="043" ind1=" " ind2=" ">
<subfield code="a">f-ua---</subfield>
</datafield>
<datafield tag="050" ind1=" " ind2="4">
<subfield code="a">DT159.6.N83</subfield>
<subfield code="b">E392 1955</subfield>
</datafield>
<datafield tag="110" ind1="1" ind2=" ">
<subfield code="6">880-01</subfield>
<subfield code="a">Egypt.</subfield>
<subfield code="b">Maṣlaḥat al-Āthār.</subfield>
</datafield>
<datafield tag="245" ind1="1" ind2="0">
<subfield code="6">880-02</subfield>
<subfield code="a">Taqrīr ʻan āthār bilād al-Nawbah al-muḥaddadah bi-al-gharq li-munāsabat mashrūʻ al-Sadd al-ʻĀlī.</subfield>
</datafield>
<datafield tag="246" ind1="1" ind2="5">
<subfield code="a">Report on the monuments of Nubia likely to be submerged by Sudd-el-ʻĀlī water</subfield>
</datafield>
<datafield tag="260" ind1=" " ind2=" ">
<subfield code="6">880-03</subfield>
<subfield code="a">al-Qāhirah :</subfield>
<subfield code="b">Wizārat al-Tarbīyah wa-al-Taʻlīm, Maṣlaḥat al-Āthār al-Miṣrīyah,</subfield>
<subfield code="c">1955.</subfield>
</datafield>
<datafield tag="300" ind1=" " ind2=" ">
<subfield code="a">1 volume (various pagings), [22] leaves of plates :</subfield>
<subfield code="b">illustrations, plates, maps, plans ;</subfield>
<subfield code="c">34 cm</subfield>
</datafield>
<datafield tag="336" ind1=" " ind2=" ">
<subfield code="a">text</subfield>
<subfield code="b">txt</subfield>
<subfield code="2">rdacontent</subfield>
</datafield>
<datafield tag="337" ind1=" " ind2=" ">
<subfield code="a">unmediated</subfield>
<subfield code="b">n</subfield>
<subfield code="2">rdamedia</subfield>
</datafield>
<datafield tag="338" ind1=" " ind2=" ">
<subfield code="a">volume</subfield>
<subfield code="b">nc</subfield>
<subfield code="2">rdacarrier</subfield>
</datafield>
<datafield tag="500" ind1=" " ind2=" ">
<subfield code="a">Title on added t.p.: Report on the monuments of Nubia likely to be submerged by Sudd-el-ʻĀlī water.</subfield>
</datafield>
<datafield tag="546" ind1=" " ind2=" ">
<subfield code="a">Arabic, English, and French.</subfield>
</datafield>
<datafield tag="651" ind1=" " ind2="0">
<subfield code="a">Nubia</subfield>
<subfield code="x">Antiquities.</subfield>
</datafield>
<datafield tag="650" ind1=" " ind2="7">
<subfield code="a">Antiquities.</subfield>
<subfield code="2">fast</subfield>
<subfield code="0">(OCoLC)fst00810745</subfield>
</datafield>
<datafield tag="651" ind1=" " ind2="7">
<subfield code="a">Africa</subfield>
<subfield code="z">Nubia.</subfield>
<subfield code="2">fast</subfield>
<subfield code="0">(OCoLC)fst01215273</subfield>
</datafield>
<datafield tag="880" ind1="1" ind2=" ">
<subfield code="6">110-01/</subfield>
<subfield code="a">مصر.</subfield>
<subfield code="b">مصلحة الاثار.</subfield>
</datafield>
<datafield tag="880" ind1="1" ind2="0">
<subfield code="6">245-02/</subfield>
<subfield code="a">تقرير عن أثار بلاد النوبة المهددة بالغرق لمناسبة مشروع السد العالي.</subfield>
</datafield>
<datafield tag="880" ind1=" " ind2=" ">
<subfield code="6">260-03/</subfield>
<subfield code="a">القاهرة :</subfield>
<subfield code="b">وزارة التربية والتعليم، مصلحة الأثار المصرية،</subfield>
<subfield code="c">1955.</subfield>
</datafield>
<datafield tag="OWN" ind1=" " ind2=" ">
<subfield code="a">GENERAL</subfield>
</datafield>
<datafield tag="AVA" ind1=" " ind2=" ">
<subfield code="a">NYU50</subfield>
<subfield code="b">BOBST</subfield>
<subfield code="c">Main Collection</subfield>
<subfield code="d">DT135.N8 A54 1955 Oversize</subfield>
<subfield code="e">unavailable</subfield>
<subfield code="t">Unavailable</subfield>
<subfield code="f">1</subfield>
<subfield code="g">1</subfield>
<subfield code="h">N</subfield>
<subfield code="i">0</subfield>
<subfield code="j">MAIN</subfield>
<subfield code="k">0</subfield>
</datafield>
<datafield tag="AVA" ind1=" " ind2=" ">
<subfield code="a">NYU50</subfield>
<subfield code="b">NISAW</subfield>
<subfield code="c">Oversize Collection</subfield>
<subfield code="d">DT159.6.N83 E392 1955</subfield>
<subfield code="e">available</subfield>
<subfield code="t">Available</subfield>
<subfield code="f">1</subfield>
<subfield code="g">0</subfield>
<subfield code="h">N</subfield>
<subfield code="i">0</subfield>
<subfield code="j">OVERZ</subfield>
<subfield code="k">0</subfield>
</datafield>
</record>
